@article{Chu2012,
  title={Triangle listing in massive networks},
  author={Chu, Shumo and Cheng, James},
  journal={ACM Transactions on Knowledge Discovery from Data (TKDD)},
  volume={6},
  number={4},
  pages={17},
  year={2012},
  publisher={ACM}
}

@inproceedings{ghemawat2003google,
  title={The Google file system},
  author={Ghemawat, Sanjay and Gobioff, Howard and Leung, Shun-Tak},
  booktitle={ACM SIGOPS operating systems review},
  volume={37},
  number={5},
  pages={29--43},
  year={2003},
  organization={ACM}
}

@article{dean2008mapreduce,
  title={MapReduce: simplified data processing on large clusters},
  author={Dean, Jeffrey and Ghemawat, Sanjay},
  journal={Communications of the ACM},
  volume={51},
  number={1},
  pages={107--113},
  year={2008},
  publisher={ACM}
}

@book{karau2015learning,
  title={Learning Spark: Lightning-Fast Big Data Analysis},
  author={Karau, Holden and Konwinski, Andy and Wendell, Patrick and Zaharia, Matei},
  year={2015},
  publisher={" O'Reilly Media, Inc."}
}

@article{Estabrook1969327,
title = "The theory of the \{TAXIR\} accessioner ",
journal = "Mathematical Biosciences ",
volume = "5",
number = "3â€“4",
pages = "327 - 340",
year = "1969",
note = "",
issn = "0025-5564",
doi = "http://dx.doi.org/10.1016/0025-5564(69)90050-9",
url = "http://www.sciencedirect.com/science/article/pii/0025556469900509",
author = "George F. Estabrook and Robert C. Brill"
}

@inproceedings{plattner2009common,
  title={A common database approach for OLTP and OLAP using an in-memory column database},
  author={Plattner, Hasso},
  booktitle={Proceedings of the 2009 ACM SIGMOD International Conference on Management of data},
  pages={1--2},
  year={2009},
  organization={ACM}
}

@book{plattner2012memory,
  title={In-Memory data management: Technology and applications},
  author={Plattner, Hasso and Zeier, Alexander},
  year={2012},
  publisher={Springer Science \& Business Media}
}
